<marcx:record format="danMARC2" type="BibliographicVolume"><marcx:leader>00000n    2200000   4500</marcx:leader><marcx:datafield ind1="0" ind2="0" tag="001"><marcx:subfield code="a">00010480</marcx:subfield><marcx:subfield code="b">870970</marcx:subfield><marcx:subfield code="c">19871016</marcx:subfield><marcx:subfield code="d">19750528</marcx:subfield><marcx:subfield code="f">a</marcx:subfield><marcx:subfield code="o">c</marcx:subfield></marcx:datafield><marcx:datafield ind1="0" ind2="0" tag="004"><marcx:subfield code="r">n</marcx:subfield><marcx:subfield code="a">b</marcx:subfield></marcx:datafield><marcx:datafield ind1="0" ind2="0" tag="005"><marcx:subfield code="i">a</marcx:subfield></marcx:datafield><marcx:datafield ind1="0" ind2="0" tag="008"><marcx:subfield code="t">s</marcx:subfield><marcx:subfield code="u">f</marcx:subfield><marcx:subfield code="a">1971</marcx:subfield><marcx:subfield code="v">1</marcx:subfield></marcx:datafield><marcx:datafield ind1="0" ind2="0" tag="014"><marcx:subfield code="a">50329607</marcx:subfield></marcx:datafield><marcx:datafield ind1="0" ind2="0" tag="021"><marcx:subfield code="n">MR 1511</marcx:subfield><marcx:subfield code="c">hf.</marcx:subfield><marcx:subfield code="d">kr. 57.05</marcx:subfield></marcx:datafield><marcx:datafield ind1="0" ind2="0" tag="032"><marcx:subfield code="x">SFM197801</marcx:subfield></marcx:datafield><marcx:datafield ind1="0" ind2="0" tag="245"><marcx:subfield code="g">Vol. 1</marcx:subfield></marcx:datafield><marcx:datafield ind1="0" ind2="0" tag="250"><marcx:subfield code="a">Revideret udgave</marcx:subfield><marcx:subfield code="b">Ny udgave 1971</marcx:subfield></marcx:datafield><marcx:datafield ind1="0" ind2="0" tag="300"><marcx:subfield code="n">1 \partitur\</marcx:subfield><marcx:subfield code="a">70 sider</marcx:subfield></marcx:datafield><marcx:datafield ind1="0" ind2="0" tag="504"><marcx:subfield code="a">Udvalgte satser af BWV 5-77</marcx:subfield></marcx:datafield><marcx:datafield ind1="0" ind2="0" tag="996"><marcx:subfield code="a">DBC</marcx:subfield></marcx:datafield></marcx:record></marcx:collection>